<record><leader>01713nam a2200457 a 4500</leader><controlfield tag="001">6784442</controlfield><controlfield tag="003">OCoLC</controlfield><controlfield tag="005">20141203181951.0</controlfield><controlfield tag="006">m     o  d        </controlfield><controlfield tag="007">cr unu</controlfield><controlfield tag="008">141203s2015    cau     of    001 0 eng d</controlfield><datafield ind1=" " ind2=" " tag="020"><subfield code="a">9780133904307</subfield></datafield><datafield ind1=" " ind2=" " tag="020"><subfield code="a">013390430X</subfield></datafield><datafield ind1=" " ind2=" " tag="020"><subfield code="z">9780133904079</subfield></datafield><datafield ind1=" " ind2=" " tag="035"><subfield code="a">ocn897388112</subfield></datafield><datafield ind1=" " ind2=" " tag="037"><subfield code="a">CL0500000509</subfield><subfield code="b">Safari Books Online</subfield></datafield><datafield ind1=" " ind2=" " tag="039"><subfield code="a">exclude</subfield></datafield><datafield ind1=" " ind2=" " tag="040"><subfield code="a">UMI</subfield><subfield code="b">eng</subfield><subfield code="e">rda</subfield><subfield code="e">pn</subfield><subfield code="c">UMI</subfield><subfield code="d">AEU</subfield></datafield><datafield ind1=" " ind2="4" tag="050"><subfield code="a">TR270</subfield></datafield><datafield ind1=" " ind2=" " tag="090"><subfield code="a">Internet Access</subfield><subfield code="b">AEGMCT</subfield></datafield><datafield ind1=" " ind2=" " tag="090"><subfield code="a">Internet Access</subfield><subfield code="b">AEU</subfield></datafield><datafield ind1="1" ind2=" " tag="100"><subfield code="a">Foster, Jerod,</subfield><subfield code="e">author.</subfield></datafield><datafield ind1="1" ind2="0" tag="245"><subfield code="a">Canon lenses :</subfield><subfield code="b">from snapshots to great shots /</subfield><subfield code="c">Jerod Foster.</subfield></datafield><datafield ind1=" " ind2="1" tag="264"><subfield code="a">[San Francisco, CA] :</subfield><subfield code="b">Peachpit Press,</subfield><subfield code="c">[2015]</subfield></datafield><datafield ind1=" " ind2=" " tag="300"><subfield code="a">1 online resource (1 volume) :</subfield><subfield code="b">illustrations.</subfield></datafield><datafield ind1=" " ind2=" " tag="336"><subfield code="a">text</subfield><subfield code="b">txt</subfield><subfield code="2">rdacontent</subfield></datafield><datafield ind1=" " ind2=" " tag="337"><subfield code="a">computer</subfield><subfield code="b">c</subfield><subfield code="2">rdamedia</subfield></datafield><datafield ind1=" " ind2=" " tag="338"><subfield code="a">online resource</subfield><subfield code="b">cr</subfield><subfield code="2">rdacarrier</subfield></datafield><datafield ind1="1" ind2=" " tag="490"><subfield code="a">From snapshots to great shots</subfield></datafield><datafield ind1=" " ind2=" " tag="500"><subfield code="a">Location taken from publisher's website.</subfield></datafield><datafield ind1=" " ind2=" " tag="500"><subfield code="a">Includes index.</subfield></datafield><datafield ind1=" " ind2=" " tag="506"><subfield code="a">Access restricted to authorized users and institutions.</subfield></datafield><datafield ind1=" " ind2=" " tag="588"><subfield code="a">Description based on online resource; title from title page (Safari, viewed November 25, 2014).</subfield></datafield><datafield ind1=" " ind2=" " tag="596"><subfield code="a">44</subfield></datafield><datafield ind1=" " ind2="0" tag="650"><subfield code="a">Photographic lenses</subfield><subfield code="v">Handbooks, manuals, etc.</subfield></datafield><datafield ind1=" " ind2="0" tag="650"><subfield code="a">Canon camera.</subfield></datafield><datafield ind1=" " ind2="0" tag="650"><subfield code="a">Photography</subfield><subfield code="x">Technique.</subfield></datafield><datafield ind1=" " ind2="0" tag="830"><subfield code="a">From snapshots to great shots</subfield></datafield><datafield ind1="4" ind2="0" tag="856"><subfield code="3">University of Alberta Access</subfield><subfield code="u">http://proquest.safaribooksonline.com/?uiCode=ualberta&amp;xmlId=9780133904307</subfield></datafield><datafield ind1=" " ind2=" " tag="949"><subfield code="a">Internet Access</subfield><subfield code="h">UAIN</subfield><subfield code="m">GR_MAC_INT</subfield><subfield code="z">SAFMAC</subfield></datafield><datafield ind1=" " ind2=" " tag="926"><subfield code="a">Internet Access</subfield><subfield code="w">LC</subfield><subfield code="c">1</subfield><subfield code="i">6784442-1001</subfield><subfield code="l">INTERNET</subfield><subfield code="m">UAINTERNET</subfield><subfield code="r">Y</subfield><subfield code="s">Y</subfield><subfield code="t">E-RESOURCE</subfield><subfield code="u">1/16/2015</subfield><subfield code="x">E-BOOK</subfield><subfield code="z">SAFARI</subfield></datafield></record>